@article{dong2024distilling,
  title     = {Distilling wisdom of crowds in online communities: A novel prediction market constructed with comment posters},
  author    = {Dong, Li and Zheng, Haichao and Li, Liting and Zhou, Chunyu},
  journal   = {Decision Support Systems},
  volume    = {180},
  pages     = {114190},
  year      = {2024},
  publisher = {Elsevier}
}

@article{hsu2011prediction,
  title     = {A prediction market for climate outcomes},
  author    = {Hsu, Shi-Ling},
  journal   = {U. Colo. L. Rev.},
  volume    = {83},
  pages     = {179},
  year      = {2011},
  publisher = {HeinOnline}
}

@techreport{wolfers2012prediction,
  title       = {Prediction markets for economic forecasting},
  author      = {Wolfers, Justin and Zitzewitz, Eric and Snowberg, Erik},
  year        = {2012},
  institution = {CEPR Discussion Papers}
}

@article{hanson2003combinatorial,
  title     = {Combinatorial information market design},
  author    = {Hanson, Robin},
  journal   = {Information Systems Frontiers},
  volume    = {5},
  pages     = {107--119},
  year      = {2003},
  publisher = {Springer}
}

@article{hanson2007logarithmic,
  title   = {Logarithmic markets coring rules for modular combinatorial information aggregation},
  author  = {Hanson, Robin},
  journal = {The Journal of Prediction Markets},
  volume  = {1},
  number  = {1},
  pages   = {3--15},
  year    = {2007}
}